% This file was created with JabRef 2.10b2.
% Encoding: Cp1252




@INPROCEEDINGS{5639905, 
	author={T. Pan and L. Zhang and S. Zhou}, 
	booktitle={2010 3rd International Conference on Biomedical Engineering and Informatics}, 
	title={Detection of ECG characteristic points using Biorthogonal Spline Wavelet}, 
	year={2010}, 
	volume={2}, 
	pages={858-863}, 
	keywords={electrocardiography;medical signal detection;medical signal processing;splines (mathematics);wavelet transforms;ECG;MIT/BIH database;Mallat algorithm;QRS complex;biorthogonal spline wavelet transform;modulus maximum pair;Digital filters;Electrocardiography;Filter bank;Spline;Wavelet analysis;Wavelet transforms;ECG detection;Mallat algorithm;Wavelet transform}, 
	doi={10.1109/BMEI.2010.5639905}, 
	ISSN={1948-2914}, 
	month={Oct},}


@ARTICLE{4122029, 
	author={J. Pan and W. J. Tompkins}, 
	journal={IEEE Transactions on Biomedical Engineering}, 
	title={A Real-Time QRS Detection Algorithm}, 
	year={1985}, 
	volume={BME-32}, 
	number={3}, 
	pages={230-236}, 
	keywords={Band pass filters;Computer displays;Databases;Detection algorithms;Detectors;Digital filters;Electrocardiography;Filtering;Interference;Noise reduction;Analog-Digital Conversion;Electrocardiography;Evaluation Studies as Topic;Filtration;Humans;Mathematics}, 
	doi={10.1109/TBME.1985.325532}, 
	ISSN={0018-9294}, 
	month={March},}



@ARTICLE{554762, 
	author={A. Ruha and S. Sallinen and S. Nissila}, 
	journal={IEEE Transactions on Biomedical Engineering}, 
	title={A real-time microprocessor QRS detector system with a 1-ms timing accuracy for the measurement of ambulatory HRV}, 
	year={1997}, 
	volume={44}, 
	number={3}, 
	pages={159-167}, 
	keywords={electrocardiography;matched filters;medical signal processing;patient monitoring;real-time systems;signal detection;1 ms;MIT-BIH Arrhythmia database;QRS detection algorithm;ambulatory QRS detector;artificially generated electrocardiogram;digital signal processing microprocessor;dual edge threshold detection;electrodiagnostics;heart rate variability;matched filter;noise components;noise-corrupted signal;optimized prefiltering;real-time microprocessor QRS detector system;signal-to-noise ratio;threshold detection;timing accuracy;timing standard deviation;Accuracy;Detectors;Digital signal processing;Heart rate variability;Matched filters;Microprocessors;Power system reliability;Real time systems;Signal to noise ratio;Timing;Algorithms;Artifacts;Electrocardiography, Ambulatory;Equipment Design;Heart Rate;Microcomputers;Predictive Value of Tests;Reproducibility of Results;Signal Processing, Computer-Assisted;Time Factors}, 
	doi={10.1109/10.554762}, 
	ISSN={0018-9294}, 
	month={March},}



@ARTICLE{58593, 
	author={D. A. Coast and R. M. Stern and G. G. Cano and S. A. Briller}, 
	journal={IEEE Transactions on Biomedical Engineering}, 
	title={An approach to cardiac arrhythmia analysis using hidden Markov models}, 
	year={1990}, 
	volume={37}, 
	number={9}, 
	pages={826-836}, 
	keywords={Markov processes;electrocardiography;physiological models;waveform analysis;ECG;P-wave;QRS complexes;R-R intervals;cardiac arrhythmia analysis;hidden Markov models;iterative maximum-likelihood reestimation algorithm;parametric model;supraventricular arrhythmia;Drugs;Electrocardiography;Electrodes;Heart;Hidden Markov models;Pacemakers;Patient monitoring;Signal analysis;Speech analysis;Wire;Arrhythmias, Cardiac;Electrocardiography;Electrocardiography, Ambulatory;Humans;Markov Chains;Models, Biological;Predictive Value of Tests}, 
	doi={10.1109/10.58593}, 
	ISSN={0018-9294}, 
	month={Sept},}



@ARTICLE{126604, 
	author={Q. Xue and Y. H. Hu and W. J. Tompkins}, 
	journal={IEEE Transactions on Biomedical Engineering}, 
	title={Neural-network-based adaptive matched filtering for QRS detection}, 
	year={1992}, 
	volume={39}, 
	number={4}, 
	pages={317-329}, 
	keywords={electrocardiography;neural nets;signal processing;ECG lower frequencies modelling;ECG signal noise characteristic;QRS detection;adaptive matched filtering algorithm;adaptive whitening filter;artificial neural network;higher frequency QRS complex energy;linear matched filter;residual signal;the MIT/BIH arrhythmia database;very noisy patient record;Adaptive filters;Adaptive signal detection;Artificial neural networks;Band pass filters;Databases;Electrocardiography;Filtering algorithms;Frequency;Matched filters;Nonlinear filters;Algorithms;Arrhythmias, Cardiac;Artifacts;Electrocardiography;Humans;Linear Models;Neural Networks (Computer);Sensitivity and Specificity}, 
	doi={10.1109/10.126604}, 
	ISSN={0018-9294}, 
	month={April},}


@article{PIETKA1991139,
	title = "Feature extraction in computerized approach to the ecg analysis",
	journal = "Pattern Recognition",
	volume = "24",
	number = "2",
	pages = "139 - 146",
	year = "1991",
	issn = "0031-3203",
	doi = "https://doi.org/10.1016/0031-3203(91)90083-H",
	url = "http://www.sciencedirect.com/science/article/pii/003132039190083H",
	author = "Ewa Pietka",
	keywords = "Pattern recognition",
	keywords = "Feature extraction",
	keywords = "ECG signal",
	keywords = "Syntactic methods",
	keywords = "Attributed grammars"
}



@article {PMID:17228741,
	Title = {[QRS complexes detection based on Mexican-hat wavelet]},
	Author = {Qiu, Yazhu and Ding, Xianfeng and Feng, Jun and Mo, Zhiwen},
	Number = {6},
	Volume = {23},
	Month = {December},
	Year = {2006},
	Journal = {Sheng wu yi xue gong cheng xue za zhi = Journal of biomedical engineering = Shengwu yixue gongchengxue zazhi},
	ISSN = {1001-5515},
	Pages = {1347?1349},
	URL = {http://europepmc.org/abstract/MED/17228741}
}


@book{addison2017illustrated,
	title={The Illustrated Wavelet Transform Handbook: Introductory Theory and Applications in Science, Engineering, Medicine and Finance, Second Edition},
	author={Addison, P.S.},
	isbn={9781482251333},
	url={https://books.google.de/books?id=wBoNDgAAQBAJ},
	year={2017},
	publisher={CRC Press}
}



@book{xing2013unifying,
	title={Unifying Electrical Engineering and Electronics Engineering: Proceedings of the 2012 International Conference on Electrical and Electronics Engineering},
	author={Xing, S. and Chen, S. and Wei, Z. and Xia, J.},
	isbn={9781461449812},
	lccn={2013941130},
	series={Lecture Notes in Electrical Engineering},
	url={https://books.google.de/books?id=plq4BAAAQBAJ},
	year={2013},
	publisher={Springer New York}
}


@ARTICLE{119727, 
	author={S. Mallat and W. L. Hwang}, 
	journal={IEEE Transactions on Information Theory}, 
	title={Singularity detection and processing with wavelets}, 
	year={1992}, 
	volume={38}, 
	number={2}, 
	pages={617-643}, 
	keywords={picture processing;signal processing;transforms;Lipschitz exponents;fast oscillations;image edge location;image processing;irregular structures;modulus maxima;one dimensional signals;signal analysis;signal processing;singularities;two-dimensional signals;wavelet transform;white noise removal;Fourier transforms;Frequency measurement;Mathematics;Noise reduction;Signal analysis;Signal processing;Signal processing algorithms;Wavelet analysis;Wavelet transforms;White noise}, 
	doi={10.1109/18.119727}, 
	ISSN={0018-9448}, 
	month={March},}


@MISC{TUON:six_leads,
	author = {{Greg Moran}},
	title = {Chest Leads},
	note = "[Online; accessed 8-November-2017]"
	url = {http://www.nottingham.ac.uk/nursing/practice/resources/cardiology/images/6_lead_placement.gif}
}

 @misc{ wiki:aux_lines,
	author = "Wikimedia Commons",
	title = "File:Brantigan 1963 1-53.png --- Wikimedia Commons{,} the free media repository",
	year = "2017",
	url = "https://commons.wikimedia.org/w/index.php?title=File:Brantigan_1963_1-53.png&oldid=229447194",
	note = "[Online; accessed 8-November-2017]"
}

 @misc{ wiki:limb_leads,
	author = "Wikimedia Commons",
	title = "File:Limb leads.svg --- Wikimedia Commons{,} the free media repository",
	year = "2017",
	url = "https://commons.wikimedia.org/w/index.php?title=File:Limb_leads.svg&oldid=262129086",
	note = "[Online; accessed 8-November-2017]"
}

 @misc{ wiki:heart_anatomy,
	author = "Wikimedia Commons",
	title = "File:Diagram of the human heart (cropped).svg --- Wikimedia Commons{,} the free media repository",
	year = "2017",
	url = "https://commons.wikimedia.org/w/index.php?title=File:Diagram of the human heart (cropped).svg",
	note = "[Online; accessed 8-November-2017]"
}


 @misc{ wiki:SinusRhythmLabels,
	author = "Wikimedia Commons",
	title = "File:SinusRhythmLabels.svg --- Wikimedia Commons{,} the free media repository",
	year = "2017",
	url = "https://commons.wikimedia.org/w/index.php?title=File:SinusRhythmLabels.svg&oldid=260036882",
	note = "[Online; accessed 8-November-2017]"
}

 @misc{ wiki:electricHeart,
	author = "Wikimedia Commons",
	title = "File:SinusRhythmLabels.svg --- Wikimedia Commons{,} the free media repository",
	year = "2017",
	url = "https://commons.wikimedia.org/w/index.php?title=File:SinusRhythmLabels.svg&oldid=260036882",
	note = "[Online; accessed 8-November-2017]"
}

 @misc{electric_activity_heart,
	author = "Schoolinfo",
	title = "Electrical activity of Heart",
	year = "2017",
	url = "http://schoolbag.info/biology/mcat/32.html",
	note = "[Online; accessed 12-November-2017]"
}

 @misc{ecg_artifacts,
	author = "mauvila",
	title = "ECG artifcats",
	year = "2017",
	url = "http://www.mauvila.com/ECG/ecg_artifact.htm",
	note = "[Online; accessed 12-November-2017]"
}

 
 @misc{medicinenet,
	author = "medicinenet",
	title = "arrhythmia",
	year = "2017",
	url = "https://www.medicinenet.com/arrhythmia_irregular_heartbeat/article.htm",
	note = "[Online; accessed 13-December-2017]"
}

 @misc{bilagi,
	author = "bilagi",
	title = "arrhythmia",
	year = "2017",
	url = "http://bilagi.org/blog/2016/08/24/chapter-9-ventricular-conduction-abnormalities/",
	note = "[Online; accessed 13-December-2017]"
}

 @misc{sumdu,
	author = "sumdu",
	title = "arrhythmia",
	year = "2017",
	url = "https://elearning.sumdu.edu.ua/free_content/lectured:a3664646bdd2fb5e12ac4d9fc4d3dff83793be56/20150113065426//64025/index.html",
	note = "[Online; accessed 13-December-2017]"
}

@misc{ wiki:pvc,
	author = "Wikipedia contributors",
	title = "Premature ventricular contraction --- Wikipedia{,} The Free Encyclopedia",
	year = "2017",
	url = "https://en.wikipedia.org/w/index.php?title=Premature_ventricular_contraction&oldid=810563186",
	note = "[Online; accessed 23-December-2017]"
}

@misc{ ujjwalkarn,
	author = "ujjwalkarn",
	title = "A Quick Introduction to Neural Networks",
	year = "2017",
	url = "https://ujjwalkarn.me/2016/08/09/quick-intro-neural-networks/",
	note = "[Online; accessed 27-December-2017]"
}


@ARTICLE{4732443, 
	author={X. Zheng and Z. Li and L. Shen and Z. Ji}, 
	booktitle={2008 International Symposium on Information Science and Engineering}, 
	title={Detection of QRS Complexes Based on Biorthogonal Spline Wavelet}, 
	year={2008}, 
	volume={2}, 
	number={}, 
	pages={502-506}, 
	keywords={electrocardiography;medical signal processing;signal detection;splines (mathematics);wavelet transforms;ECG signal;Lipschitz exponent;MIT-BIH arrhythmia database;Mallat algorithm;QRS complex;adaptive threshold;biorthogonal spline wavelet;refractory period;wavelet transform;zero-crossing point}, 
	doi={10.1109/ISISE.2008.61}, 
	ISSN={2160-1283}, 
	month={Dec},}


@book{markovski2013ict,
	title={ICT Innovations 2012: Secure and Intelligent Systems},
	author={Markovski, S. and Gusev, M.},
	isbn={9783642371691},
	series={Advances in Intelligent Systems and Computing},
	url={https://books.google.de/books?id=mWtHAAAAQBAJ},
	year={2013},
	publisher={Springer Berlin Heidelberg}
}

@article{limaye2016ecg,
	title={ECG Noise Sources and Various Noise Removal Techniques: A Survey},
	author={Limaye, Mr Hrishikesh and Deshmukh, Mrs VV}
}

@INPROCEEDINGS{6091791, 
	author={P. Mithun and P. C. Pandey and T. Sebastian and P. Mishra and V. K. Pandey}, 
	booktitle={2011 Annual International Conference of the IEEE Engineering in Medicine and Biology Society}, 
	title={A wavelet based technique for suppression of EMG noise and motion artifact in ambulatory ECG}, 
	year={2011}, 
	volume={}, 
	number={}, 
	pages={7087-7090}, 
	keywords={electrocardiography;electromyography;medical signal detection;medical signal processing;signal denoising;EMG noise;R-peak detection;SNR improvement;ambulatory ECG;ambulatory ECG recording;max-min based improvement indices;motion artifact;simulated noisy ECG signals;thresholding function;wavelet coefficients;wavelet-based denoising technique;Electrocardiography;Electromyography;Noise measurement;Noise reduction;Signal to noise ratio;Wavelet coefficients;Algorithms;Artifacts;Computer Simulation;Databases, Factual;Electrocardiography, Ambulatory;Electromyography;Humans;Models, Statistical;Motion;Oscillometry;Reproducibility of Results;Signal Processing, Computer-Assisted;Wavelet Analysis},
	doi={10.1109/IEMBS.2011.6091791}, 
	ISSN={1094-687X}, 
	month={Aug},}


@misc{ wiki:ann,
	author = "Wikipedia contributors",
	title = "Artificial neural network --- Wikipedia{,} The Free Encyclopedia",
	year = "2017",
	url = "https://en.wikipedia.org/w/index.php?title=Artificial_neural_network&oldid=817006542",
	note = "[Online; accessed 27-December-2017]"
}

@misc{ quora:Sulakshana,
	author = "Sulakshana Iyer",
	title = "Why is data visualization important",
	year = "2017",
	url = "https://www.quora.com/Why-is-data-visualization-important",
	note = "[Online; accessed 29-December-2017]"
}




@book{bishop2006pattern,
	title={Pattern Recognition and Machine Learning},
	author={Bishop, C.M.},
	isbn={9780387310732},
	lccn={2006922522},
	series={Information Science and Statistics},
	url={https://books.google.de/books?id=kTNoQgAACAAJ},
	year={2006},
	publisher={Springer}
}

@misc{ machinelearningmastery,
	author = " Jason Brownlee ",
	title = "Supervised and Unsupervised Machine Learning Algorithms",
	year = "2017",
	url = "https://machinelearningmastery.com/supervised-and-unsupervised-machine-learning-algorithms/",
	note = "[Online; accessed 31-December-2017]"
}

@misc{ oreillyla,
	author = "Jay Kreps",
	title = "Questioning the Lambda Architecture",
	year = "2017",
	url = "https://www.oreilly.com/ideas/questioning-the-lambda-architecture",
	note = "[Online; accessed 31-December-2017]"
}


@misc{ maprla,
	author = "Michael Hausenblas",
	title = "Lambda Architecture",
	year = "2017",
	url = "https://mapr.com/developercentral/lambda-architecture/",
	note = "[Online; accessed 31-December-2017]"
}

@misc{ cablesandsensors,
	author = "cablesandsensors",
	title = "12-Lead ECG Placement Guide with Illustrations",
	year = "2017",
	url = "https://www.cablesandsensors.com/pages/12-lead-ecg-placement-guide-with-illustrations",
	note = "[Online; accessed 31-December-2017]"
}


@ARTICLE{UBDLAH, 
	author={B. Sunil Kumar, J. Mohan Kumar2, P. Suman Rao},
	title={Unified Big Data Lambda Architecture with Hadoop / Flume / Spark SQL, Streaming /
	Scala / Cassandra }, 
	year={2016}, 
	volume={4}, 
	ISSN={2320-9801}, 
	month={June},}


@INPROCEEDINGS{7364082, 
	author={M. Kiran and P. Murphy and I. Monga and J. Dugan and S. S. Baveja}, 
	booktitle={2015 IEEE International Conference on Big Data (Big Data)}, 
	title={Lambda architecture for cost-effective batch and speed big data processing}, 
	year={2015}, 
	volume={}, 
	number={}, 
	pages={2785-2792}, 
	keywords={Big Data;cloud computing;cost reduction;data handling;query processing;smart phones;Amazon EC2;ESnet network data;anomaly detection;city wide applications;cloud computing;cost models;cost reduction;cost-effective batch data processing;cost-effective speed big data processing;data collecting;data explosion;data management;data streaming;data-handling backend;database management;heterogeneous devices;lambda architecture design pattern;network maintenance;network resources;on-demand availability;online analysis;optimized online data analysis;public clouds;query management;router sensor data;smart phone technologies;societal use cases;Batch production systems;Big data;Cloud computing;Computer architecture;Data analysis;Databases;Amazon EC2;big data processing;lambda architecture;sensor data analysis}, 
	doi={10.1109/BigData.2015.7364082}, 
	ISSN={}, 
	month={Oct},}

@book{wilkins2005ecg,
	title={ECG Interpretation Made Incredibly Easy},
	author={Wilkins, L.W.},
	isbn={9781582553559},
	lccn={2004015554},
	series={Incredibly Easy! Series},
	url={https://books.google.de/books?id=mGiTP7zCHUAC},
	year={2005},
	publisher={Lippincott Williams \& Wilkins}
}


@article{wang2001using,
	title={Using biorthogonal wavelet filter bank for ECG detection and reconstruction},
	author={Wang, Chaowen and Lu, Yangsheng and Huang, Yuxi},
	journal={Beijing Biomedical Engineering},
	volume={20},
	number={1},
	pages={25--28},
	year={2001}
}

@inproceedings{zheng2008detection,
	title={Detection of QRS complexes based on biorthogonal spline wavelet},
	author={Zheng, Xiuyu and Li, Zhen and Shen, LinLin and Ji, Zhen},
	booktitle={Information Science and Engineering, 2008. ISISE'08. International Symposium on},
	volume={2},
	pages={502--506},
	year={2008},
	organization={IEEE}
}


@article{shang2014qrs,
	title={QRS Characteristic Waveform Extraction Based On Biorthogonal B-Spline Wavelet},
	author={Shang, Yu and Lei, Shasha and Liu, Bin},
	journal={International Journal of Control and Automation},
	volume={7},
	number={1},
	pages={95--106},
	year={2014}
}

@inproceedings{pan2010detection,
	title={Detection of ECG characteristic points using biorthogonal spline wavelet},
	author={Pan, Tao and Zhang, Lei and Zhou, Shumin},
	booktitle={Biomedical Engineering and Informatics (BMEI), 2010 3rd International Conference on},
	volume={2},
	pages={858--863},
	year={2010},
	organization={IEEE}
}

@article{meena2014comparison,
	title={COMPARISON AND ANALYSIS OF ORTHOGONAL AND BIORTHOGONAL WAVELETS FOR ECG COMPRSSION},
	author={Meena, Ravi Shankar and Sharma, Ambalika},
	journal={Int. J. Res. Eng. Technol.},
	number={3},
	year={2014}
}

@book{bouchard2017smart,
	title={Smart Technologies in Healthcare},
	author={Bouchard, B.},
	isbn={9781498722018},
	url={https://books.google.de/books?id=VgsqDwAAQBAJ},
	year={2017},
	publisher={CRC Press},
	pages={55--56}
}

@book{schilling2012analysis,
	title={Analysis of Atrial Electrograms},
	author={Schilling, C.},
	isbn={9783866448940},
	series={Karlsruhe transactions on biomedical engineering},
	url={https://books.google.de/books?id=rutA1A-ia4oC},
	year={2012},
	publisher={KIT Scientific Publ.}
	pages={64}
}

@misc{cablesandsensors,
	author = "Edward Burns",
	title = "Right Bundle Branch Block (RBBB) and Left Bundle Branch Block (LBBB)",
	year = "2018",
	url = "https://lifeinthefastlane.com/ecg-library/basics/right-bundle-branch-block/",
	note = "[Online; accessed 5-January-2018]"
}

@misc{maprmliotmed,
	author = "Carol McDonald",
	title = "Applying Machine Learning to Streaming IoT for Connected Medical Devices",
	year = "2018",
	url = "https://mapr.com/blog/ml-iot-connected-medical-devices/",
	note = "[Online; accessed 7-January-2018]"
}


@misc{naturectlesshcs,
	author = "Leena Ukkonen, Lauri Sydänheimo",
	title = "Contactless health-care sensing",
	year = "2018",
	url = "https://www.nature.com/articles/d41586-017-07434-y",
	note = "[Online; accessed 7-January-2018]"
}

@misc{muratabcgbed,
	author = "Murata",
	title = "Contactless vital sign measurement with Murata BCG",
	year = "2018",
	url = "https://www.murata.com/~/media/webrenewal/products/sensor/accel/sca10h_11h/bcg_appslite.ashx?la=en-gb",
	note = "[Online; accessed 9-January-2018]"
}


@article{1742-6596-434-1-012085,
	author={H Mahdavi and J Rosell-Ferrer},
	title={A magnetic induction measurement system for adult vital sign monitoring: evaluation of capacitive and inductive effects},
	journal={Journal of Physics: Conference Series},
	volume={434},
	number={1},
	pages={012085},
	url={http://stacks.iop.org/1742-6596/434/i=1/a=012085},
	year={2013}
}

@ARTICLE{86995, 
	author={S. Mallat}, 
	journal={IEEE Transactions on Information Theory}, 
	title={Zero-crossings of a wavelet transform}, 
	year={1991}, 
	volume={37}, 
	number={4}, 
	pages={1019-1033}, 
	keywords={pattern recognition;signal processing;transforms;coarse-to-fine stereo-matching algorithm;completeness;fast convergence;iteration;multiscale representation;pattern recognition;projection algorithm;signal reconstruction;stability;wavelet transform;zero-crossings;Convergence;Image reconstruction;Pattern matching;Pattern recognition;Projection algorithms;Reconstruction algorithms;Signal processing algorithms;Signal representations;Stability;Wavelet transforms}, 
	doi={10.1109/18.86995}, 
	ISSN={0018-9448}, 
	month={Jul},}

@book{e2010cardiac,
	title={Cardiac Fibrillation-defibrillation: Clinical And Engineering Aspects},
	author={E, V.M.},
	isbn={9789814465793},
	series={Series On Bioengineering And Biomedical Engineering},
	url={https://books.google.de/books?id=\_L7FCgAAQBAJ},
	year={2010},
	publisher={World Scientific Publishing Company},
	pages={131--132}
}

@ARTICLE{4121752, 
	author={N. V. Thakor and J. G. Webster and W. J. Tompkins}, 
	journal={IEEE Transactions on Biomedical Engineering}, 
	title={Estimation of QRS Complex Power Spectra for Design of a QRS Filter}, 
	year={1984}, 
	volume={BME-31}, 
	number={11}, 
	pages={702-706}, 
	keywords={Band pass filters;Electrocardiography;Electromyography;Frequency;Instruments;Monitoring;Signal processing;Signal to noise ratio;Spectral analysis;Transfer functions;Biomedical Engineering;Electrocardiography;Humans;Statistics as Topic}, 
	doi={10.1109/TBME.1984.325393}, 
	ISSN={0018-9294}, 
	month={Nov},}


@book{strang1996wavelets,
	title={Wavelets and Filter Banks},
	author={Strang, G. and Nguyen, T.},
	isbn={9780961408879},
	lccn={96028791},
	url={https://books.google.de/books?id=Z76N\_Ab5pp8C},
	year={1996},
	publisher={Wellesley-Cambridge Press}
}

@ARTICLE{PMC2577402, 
	author={Mantziari L, Styliadis C, Kourtidou-Papadeli C, Styliadis I}, 
	journal={Hippokratia}, 
	title={Arrhythmias, Sudden Cardiac Death and incapacitation of pilots}, 
	year={2008}, 
	volume={Suppl 1}, 
	number={12}, 
	pages={53-58},  
	month={Aug}
}

@article{aerospace2003medical,
	title={Medical guidelines for airline travel},
	author={Aerospace Medical Association Medical Guidelines Task Force and others},
	journal={Aviation, space, and environmental medicine},
	volume={74},
	number={5 Suppl},
	pages={A1},
	year={2003}
}

@article{lyznicki2000inflight,
	title={Inflight medical emergencies.},
	author={Lyznicki, James M and Williams, Michael A and Deitchman, Scott D and Howe 3rd, JP},
	journal={Aviation, space, and environmental medicine},
	volume={71},
	number={8},
	pages={832--838},
	year={2000}
}

@article{PMC1119071,
	title={"Is there a doctor on the aircraft?" Top 10 in-flight medical emergencies.},
	author={Nigel Dowdall},
	journal={BMJ},
	pages={ 1336--1337},
	year={2000},
	month={Nov}
}

@article{aleksandrowicz2007wireless,
	title={Wireless and Non-contact ECG Measurement System--the "Aachen SmartChair"},
	author={Aleksandrowicz, Adrian and Leonhardt, Steffen},
	journal={Acta Polytechnica},
	volume={47},
	number={4-5},
	year={2007}
}

@inproceedings{wu2008contactless,
	title={Contactless and continuous monitoring of heart electric activities through clothes on a sleeping bed},
	author={Wu, Kin-fai and Zhang, Yuan-ting},
	booktitle={Information Technology and Applications in Biomedicine, 2008. ITAB 2008. International Conference on},
	pages={282--285},
	year={2008},
	organization={IEEE}
}

@inproceedings{lim2004ecg,
	title={The ECG measurement in the bathtub using the insulated electrodes},
	author={Lim, Yong Kyu and Kim, Ko Keun and Park, Kwang Suk},
	booktitle={Engineering in Medicine and Biology Society, 2004. IEMBS'04. 26th Annual International Conference of the IEEE},
	volume={1},
	pages={2383--2385},
	year={2004},
	organization={IEEE}
}


@inproceedings{kim2004electrically,
	title={The electrically noncontacting ECG measurement on the toilet seat using the capacitively-coupled insulated electrodes},
	author={Kim, Ko Keun and Lim, Yong Kyu and Park, Kwang Suk},
	booktitle={Engineering in Medicine and Biology Society, 2004. IEMBS'04. 26th Annual International Conference of the IEEE},
	volume={1},
	pages={2375--2378},
	year={2004},
	organization={IEEE}
}

@inproceedings{shen2007detection,
	title={Detection and prediction of sudden cardiac death (SCD) for personal healthcare},
	author={Shen, Tsu-Wang and Shen, Hsiao-Ping and Lin, Ching-Heng and Ou, Yi-Ling},
	booktitle={Engineering in Medicine and Biology Society, 2007. EMBS 2007. 29th Annual International Conference of the IEEE},
	pages={2575--2578},
	year={2007},
	organization={IEEE}
}

@article{neuman1998biopotential,
	title={Biopotential amplifiers},
	author={Neuman, Michael R},
	journal={Medical instrumentation: application and design},
	pages={292--296},
	year={1998},
	publisher={New York: Wiley}
}

@inproceedings{sullivan2007low,
	title={A low-noise, non-contact EEG/ECG sensor},
	author={Sullivan, Thomas J and Deiss, Stephen R and Cauwenberghs, Gert},
	booktitle={Biomedical Circuits and Systems Conference, 2007. BIOCAS 2007. IEEE},
	pages={154--157},
	year={2007},
	organization={IEEE}
}

@article{jeong2005continuous,
	title={Continuous blood pressure monitoring using pulse wave transit time},
	author={Jeong, Gu-Young and Yu, Kee-Ho and Kim, Nam-Gyun},
	journal={measurement},
	volume={4},
	number={7},
	year={2005}
}

@INPROCEEDINGS{4600301, 
	author={Jin-Chern Chiou and Li-Wei Ko and Chin-Teng Lin and Chao-Ting Hong and Tzyy-Ping Jung and Sheng-Fu Liang and Jong-Liang Jeng}, 
	booktitle={2006 IEEE Biomedical Circuits and Systems Conference}, 
	title={Using novel MEMS EEG sensors in detecting drowsiness application}, 
	year={2006}, 
	volume={}, 
	number={}, 
	pages={33-36}, 
	keywords={bioMEMS;electroencephalography;microsensors;sleep;MEM silicon spiked electrode array;MEMS EEG sensors;conductive paste;drowsiness application;dry-electrode array;electrode-skin interface impedance;electroencephalographic analysis;inductive coupled plasma micromachining;isotropic-anisotropic reactive ion etching;microelectromechanical systems;principal component analysis;scalp preparation;skin;sleep;stratum corneum;Electrodes;Electroencephalography;Employment;Information analysis;Microelectromechanical systems;Micromechanical devices;Monitoring;Scalp;Silicon;Sleep;Drowsiness Estimation;Dry Electrode;Electroencephalogram;Micro-electro-mechanical Systems;Principle Component Analysis}, 
	doi={10.1109/BIOCAS.2006.4600301}, 
	ISSN={2163-4025}, 
	month={Nov},}

@article{Isin2017268,
	title = "Cardiac arrhythmia detection using deep learning ",
	journal = "Procedia Computer Science ",
	volume = "120",
	number = "",
	pages = "268 - 275",
	year = "2017",
	note = "9th International Conference on Theory and Application of Soft Computing, Computing with Words and Perception, \{ICSCCW\} 2017, 22-23 August 2017, Budapest, Hungary ",
	issn = "1877-0509",
	doi = "https://doi.org/10.1016/j.procs.2017.11.238",
	url = "https://www.sciencedirect.com/science/article/pii/S187705091732450X",
	author = "Ali Isin and Selen Ozdalili",
	keywords = "biomedical signal processing",
	keywords = "deep learning",
	keywords = "ECG classification",
	keywords = "convolutional neural networks",
	keywords = "cardiac arrhythmia",
	keywords = "tranfer learning "
}

@INPROCEEDINGS{7838258, 
	author={T. J. Jun and H. J. Park and N. H. Minh and D. Kim and Y. H. Kim}, 
	booktitle={2016 15th IEEE International Conference on Machine Learning and Applications (ICMLA)}, 
	title={Premature Ventricular Contraction Beat Detection with Deep Neural Networks}, 
	year={2016}, 
	volume={}, 
	number={}, 
	pages={859-864}, 
	keywords={electrocardiography;learning (artificial intelligence);medical signal processing;neural nets;signal classification;ECG databases;Google;MIT-BIH arrhythmia database;PVC beat classification;PVC beat detection;Purkinje fibers;TensorFlow;deep neural networks;electrocardiography databases;irregular heartbeat;machine learning approaches;open source machine learning platform;premature ventricular contraction beat detection;Databases;Electrocardiography;Feature extraction;Heart beat;Heart rate variability;Neural networks;Training;Arrhythmia;Deep neural network;Machine learning;Premature ventricular contraction;TensorFlow}, 
	doi={10.1109/ICMLA.2016.0154}, 
	ISSN={}, 
	month={Dec},}


@INPROCEEDINGS{7727866, 
	author={B. Pourbabaee and M. J. Roshtkhari and K. Khorasani}, 
	booktitle={2016 International Joint Conference on Neural Networks (IJCNN)}, 
	title={Feature leaning with deep Convolutional Neural Networks for screening patients with paroxysmal atrial fibrillation}, 
	year={2016}, 
	volume={}, 
	number={}, 
	pages={5057-5064}, 
	keywords={convolution;diseases;electrocardiography;feature extraction;learning (artificial intelligence);medical signal processing;neural nets;signal classification;signal representation;time-domain analysis;CNN;ECG signal classification;PAF;deep convolutional neural networks;electrocardiogram;feature extraction;feature leaning;life threatening cardiac arrhythmia;paroxysmal atrial fibrillation;patients screening;representative features;time domain ECG signals;Biological neural networks;Convolution;Electrocardiography;Feature extraction;Hidden Markov models;Learning systems}, 
	doi={10.1109/IJCNN.2016.7727866}, 
	ISSN={}, 
	month={July},}