@article{Isin2017268,
title = "Cardiac arrhythmia detection using deep learning ",
journal = "Procedia Computer Science ",
volume = "120",
number = "",
pages = "268 - 275",
year = "2017",
note = "9th International Conference on Theory and Application of Soft Computing, Computing with Words and Perception, \{ICSCCW\} 2017, 22-23 August 2017, Budapest, Hungary ",
issn = "1877-0509",
doi = "https://doi.org/10.1016/j.procs.2017.11.238",
url = "https://www.sciencedirect.com/science/article/pii/S187705091732450X",
author = "Ali Isin and Selen Ozdalili",
keywords = "biomedical signal processing",
keywords = "deep learning",
keywords = "ECG classification",
keywords = "convolutional neural networks",
keywords = "cardiac arrhythmia",
keywords = "tranfer learning "
}

